@article{usman_mehmood_katib_2018, title={Big Data and HPC Convergence: The Cutting Edge and Outlook}, doi={10.1007/978-3-319-94180-6\_4}, journal={Lecture Notes of the Institute for Computer Sciences, Social Informatics and Telecommunications Engineering Smart Societies, Infrastructure, Technologies and Applications}, author={Usman, Sardar and Mehmood, Rashid and Katib, Iyad}, year={2018}, pages={11–26}}

@misc{insidehpc, title={What is high performance computing?}, url={https://insidehpc.com/hpc-basic-training/what-is-hpc/}, journal={insideHPC},year={2019}}

@article{freitas_souza_salgado_2016, title={Conceptual Mappings to Convert Relational into NoSQL Databases}, DOI={10.5220/0005836301740181}, journal={Proceedings of the 18th International Conference on Enterprise Information Systems}, author={Freitas, Myller Claudino De and Souza, Damires Yluska and Salgado, Ana Carolina}, year={2016}}

@article{nair_shankar_lysecky_2011, title={Efficient hardwares-based nonintrusive dynamic application profiling}, volume={10}, DOI={10.1145/1952522.1952525}, number={3}, journal={ACM Transactions on Embedded Computing Systems}, author={Nair, Ajay and Shankar, Karthik and Lysecky, Roman}, year={2011}, pages={1–22}} 

@article{perez_gutierrez_vera_2016, title={Computational Performance Assessment of k-mer Counting Algorithms}, volume={23}, DOI={10.1089/cmb.2015.0199}, number={4}, journal={Journal of Computational Biology}, author={Pérez, Nelson and Gutierrez, Miguel and Vera, Nelson}, year={2016}, pages={248–255}}

@article{nam_green_2015, title={Performance Analysis Tools Allinea MAP Use \& Functionality}, DOI={10.2172/1172834}, author={Nam, Hai Ah and Green, Jennifer Kathleen}, year={2015}}

@article{calero_aguado_2015, title={Comparative analysis of architectures for monitoring cloud computing infrastructures}, volume={47}, DOI={10.1016/j.future.2014.12.008}, journal={Future Generation Computer Systems}, author={Calero, Jose M. Alcaraz and Aguado, Juan Gutiérrez}, year={2015}, pages={16–30}}

@article{cho_moseley_hank_bruening_mahlke_2013, title={Instant profiling: Instrumentation sampling for profiling datacenter applications}, DOI={10.1109/cgo.2013.6494982}, journal={Proceedings of the 2013 IEEE/ACM International Symposium on Code Generation and Optimization (CGO)}, author={Cho, Hyoun Kyu and Moseley, T. and Hank, R. and Bruening, D. and Mahlke, S.}, year={2013}}

@article{andreeva_gaidioz_herrala_maier_rocha_saiz_2007, title={Experiment Dashboard}, DOI={10.1145/1272680.1272689}, journal={Proceedings of the 2007 workshop on Grid monitoring - GMW 07}, author={Andreeva, Julia J. and Gaidioz, Benjamin B. and Herrala, Juha J. and Maier, Gerhild G. and Rocha, Ricardo R. and Saiz, Pablo P.}, year={2007}}

@article{nielsen_2016, title={Introduction to HPC with MPI for Data Science}, DOI={10.1007/978-3-319-21903-5}, journal={Undergraduate Topics in Computer Science}, author={Nielsen, Frank}, year={2016}}

@book{zhang_li_xiao_2013, place={Berlin}, title={High Performance Computing National Annual Conference on High Performance Computing, HPC 2012, held in Zhangjiajie, China, October 29-31, 2012. Revised Selected Papers}, publisher={Springer Berlin}, author={Zhang, Yunquan and Li, Kenli and Xiao, Zheng}, year={2013}}

@misc{top500_supercomputer_sites_2019, title={Top 500 The List}, url={https://www.top500.org/}, journal={Home | TOP500 Supercomputer Sites}, year={2019}, month={Apr}}

@misc{caliz_rodolfo_2019, title={¿Qué es el CECAD?}, url={http://cecad.udistrital.edu.co/index.php/home/que-es-el-cecad}, author={Cáliz, Rodolfo}, year={2019}}